@book{mckinney2017python,
  title     = {Python for Data Analysis: Data Wrangling with Pandas, NumPy, and IPython},
  author    = {McKinney, Wes},
  edition   = {2},
  year      = {2017},
  publisher = {O'Reilly Media}
}
@report{MinEconomia2023,
  title         = {Relatório de Monitoramento da Renúncia Fiscal},
  year          = {2023},
  institution   = {Ministério da Economia},
  address       = {Brasília, DF},
  url           = {https://www.gov.br/economia}
}
@article{Zaharia2016,
  title   = {Apache Spark: A Unified Engine for Big Data Processing},
  author  = {Zaharia, Matei and Xin, Reynold and Wendell, Patrick and Das, Tathagata and Franklin, Michael J. and Shenker, Scott and Stoica, Ion},
  journal = {Communications of the ACM},
  volume  = {59},
  number  = {11},
  pages   = {56--65},
  year    = {2016},
  publisher = {ACM}
}
@misc{Databricks2021,
  author       = {Databricks Inc.},
  title        = {Databricks Unified Data Analytics Platform},
  year         = {2021},
  howpublished = {\url{https://databricks.com/product/unified-data-analytics-platform}},
  note         = {Acessado em 16 de junho de 2025}
}
@article{Marler2017,
  title   = {An evidence-based review of HR Analytics for talent management},
  author  = {Marler, John H. and Boudreau, John W.},
  journal = {Human Resource Management Review},
  volume  = {27},
  number  = {3},
  pages   = {521--536},
  year    = {2017},
  publisher = {Elsevier}
}
@inproceedings{souza2018projetos,
  title     = {A participação de estudantes em projetos de extensão: contribuições para sua formação acadêmica},
  author    = {Souza, Fernando and Oliveira, Carlos and Costa, Ana},
  booktitle = {Anais do Encontro Nacional de Pesquisa em Educação},
  year      = {2018},
  pages     = {123--130},
  address   = {Salvador, BA},
  publisher = {Universidade Federal da Bahia}
}
@book{MayerSchönberger2013,
  title     = {Big Data: A Revolution That Will Transform How We Live, Work, and Think},
  author    = {Mayer-Schönberger, Viktor and Cukier, Kenneth},
  year      = {2013},
  publisher = {Houghton Mifflin Harcourt},
  address   = {New York}
}
@misc{IMF2021,
  title = {Brazil: 2020 Article IV Consultation-Press Release; Staff Report; and Statement by the Executive Director for Brazil},
  year = {2021},
  howpublished = {IMF Report},
  url = {https://www.imf.org/en/Publications/CR/Issues/2021/01/26/Brazil-2020-Article-IV-Consultation-Press-Release-Staff-Report-and-Statement-by-the-Executive-Director-50094}
}
@techreport{IPEA2021,
  title        = {Incentivos Fiscais e seus Impactos: Uma Análise dos Incentivos à Recuperação Econômica no Brasil Pós-Pandemia},
  institution  = {Instituto de Pesquisa Econômica Aplicada (IPEA)},
  year         = {2021},
  url          = {https://www.ipea.gov.br/portal/},
  note         = {Relatório acessado em 16 de junho de 2025}
}